%YAML 1.1
%TAG !u! tag:unity3d.com,2011:
--- !u!1001 &100100000
Prefab:
  m_ObjectHideFlags: 1
  serializedVersion: 2
  m_Modification:
    m_TransformParent: {fileID: 0}
    m_Modifications: []
    m_RemovedComponents: []
  m_ParentPrefab: {fileID: 0}
  m_RootGameObject: {fileID: 1415462099744248}
  m_IsPrefabParent: 1
--- !u!1 &1105255426179506
GameObject:
  m_ObjectHideFlags: 1
  m_PrefabParentObject: {fileID: 0}
  m_PrefabInternal: {fileID: 100100000}
  serializedVersion: 5
  m_Component:
  - component: {fileID: 4200827108044764}
  - component: {fileID: 60958198492671982}
  m_Layer: 0
  m_Name: Collision
  m_TagString: Untagged
  m_Icon: {fileID: 0}
  m_NavMeshLayer: 0
  m_StaticEditorFlags: 0
  m_IsActive: 1
--- !u!1 &1329505735511502
GameObject:
  m_ObjectHideFlags: 0
  m_PrefabParentObject: {fileID: 0}
  m_PrefabInternal: {fileID: 100100000}
  serializedVersion: 5
  m_Component:
  - component: {fileID: 4262718446684892}
  - component: {fileID: 114559859816843106}
  m_Layer: 0
  m_Name: Ground
  m_TagString: Untagged
  m_Icon: {fileID: 0}
  m_NavMeshLayer: 0
  m_StaticEditorFlags: 0
  m_IsActive: 1
--- !u!1 &1415462099744248
GameObject:
  m_ObjectHideFlags: 0
  m_PrefabParentObject: {fileID: 0}
  m_PrefabInternal: {fileID: 100100000}
  serializedVersion: 5
  m_Component:
  - component: {fileID: 4040642285482774}
  - component: {fileID: 114424362334626624}
  m_Layer: 0
  m_Name: testLevel
  m_TagString: Untagged
  m_Icon: {fileID: 0}
  m_NavMeshLayer: 0
  m_StaticEditorFlags: 0
  m_IsActive: 1
--- !u!1 &1457852426745908
GameObject:
  m_ObjectHideFlags: 1
  m_PrefabParentObject: {fileID: 0}
  m_PrefabInternal: {fileID: 100100000}
  serializedVersion: 5
  m_Component:
  - component: {fileID: 4037022085016770}
  - component: {fileID: 33181869208249414}
  - component: {fileID: 23779181895041290}
  - component: {fileID: 114146298620193688}
  m_Layer: 0
  m_Name: test-tileset
  m_TagString: Untagged
  m_Icon: {fileID: 0}
  m_NavMeshLayer: 0
  m_StaticEditorFlags: 0
  m_IsActive: 1
--- !u!1 &1525080442211570
GameObject:
  m_ObjectHideFlags: 0
  m_PrefabParentObject: {fileID: 0}
  m_PrefabInternal: {fileID: 100100000}
  serializedVersion: 5
  m_Component:
  - component: {fileID: 4210023507755610}
  - component: {fileID: 114290105792905750}
  m_Layer: 0
  m_Name: Background
  m_TagString: Untagged
  m_Icon: {fileID: 0}
  m_NavMeshLayer: 0
  m_StaticEditorFlags: 0
  m_IsActive: 1
--- !u!1 &1707239548065166
GameObject:
  m_ObjectHideFlags: 1
  m_PrefabParentObject: {fileID: 0}
  m_PrefabInternal: {fileID: 100100000}
  serializedVersion: 5
  m_Component:
  - component: {fileID: 4725538983254998}
  - component: {fileID: 33616675508010066}
  - component: {fileID: 23953817792876396}
  - component: {fileID: 114297758676204572}
  m_Layer: 0
  m_Name: test-tileset
  m_TagString: Untagged
  m_Icon: {fileID: 0}
  m_NavMeshLayer: 0
  m_StaticEditorFlags: 0
  m_IsActive: 1
--- !u!4 &4037022085016770
Transform:
  m_ObjectHideFlags: 1
  m_PrefabParentObject: {fileID: 0}
  m_PrefabInternal: {fileID: 100100000}
  m_GameObject: {fileID: 1457852426745908}
  m_LocalRotation: {x: -0, y: -0, z: -0, w: 1}
  m_LocalPosition: {x: 0, y: 0, z: 0}
  m_LocalScale: {x: 1, y: 1, z: 1}
  m_Children: []
  m_Father: {fileID: 4262718446684892}
  m_RootOrder: 0
  m_LocalEulerAnglesHint: {x: 0, y: 0, z: 0}
--- !u!4 &4040642285482774
Transform:
  m_ObjectHideFlags: 1
  m_PrefabParentObject: {fileID: 0}
  m_PrefabInternal: {fileID: 100100000}
  m_GameObject: {fileID: 1415462099744248}
  m_LocalRotation: {x: 0, y: 0, z: 0, w: 1}
  m_LocalPosition: {x: 0, y: 0, z: 0}
  m_LocalScale: {x: 1, y: 1, z: 1}
  m_Children:
  - {fileID: 4210023507755610}
  - {fileID: 4262718446684892}
  m_Father: {fileID: 0}
  m_RootOrder: 0
  m_LocalEulerAnglesHint: {x: 0, y: 0, z: 0}
--- !u!4 &4200827108044764
Transform:
  m_ObjectHideFlags: 1
  m_PrefabParentObject: {fileID: 0}
  m_PrefabInternal: {fileID: 100100000}
  m_GameObject: {fileID: 1105255426179506}
  m_LocalRotation: {x: -0, y: -0, z: -0, w: 1}
  m_LocalPosition: {x: 0, y: 0, z: 0}
  m_LocalScale: {x: 1, y: 1, z: 1}
  m_Children: []
  m_Father: {fileID: 4262718446684892}
  m_RootOrder: 1
  m_LocalEulerAnglesHint: {x: 0, y: 0, z: 0}
--- !u!4 &4210023507755610
Transform:
  m_ObjectHideFlags: 1
  m_PrefabParentObject: {fileID: 0}
  m_PrefabInternal: {fileID: 100100000}
  m_GameObject: {fileID: 1525080442211570}
  m_LocalRotation: {x: -0, y: -0, z: -0, w: 1}
  m_LocalPosition: {x: 0, y: 0, z: 0}
  m_LocalScale: {x: 1, y: 1, z: 1}
  m_Children:
  - {fileID: 4725538983254998}
  m_Father: {fileID: 4040642285482774}
  m_RootOrder: 0
  m_LocalEulerAnglesHint: {x: 0, y: 0, z: 0}
--- !u!4 &4262718446684892
Transform:
  m_ObjectHideFlags: 1
  m_PrefabParentObject: {fileID: 0}
  m_PrefabInternal: {fileID: 100100000}
  m_GameObject: {fileID: 1329505735511502}
  m_LocalRotation: {x: -0, y: -0, z: -0, w: 1}
  m_LocalPosition: {x: 0, y: 0, z: 0}
  m_LocalScale: {x: 1, y: 1, z: 1}
  m_Children:
  - {fileID: 4037022085016770}
  - {fileID: 4200827108044764}
  m_Father: {fileID: 4040642285482774}
  m_RootOrder: 1
  m_LocalEulerAnglesHint: {x: 0, y: 0, z: 0}
--- !u!4 &4725538983254998
Transform:
  m_ObjectHideFlags: 1
  m_PrefabParentObject: {fileID: 0}
  m_PrefabInternal: {fileID: 100100000}
  m_GameObject: {fileID: 1707239548065166}
  m_LocalRotation: {x: -0, y: -0, z: -0, w: 1}
  m_LocalPosition: {x: 0, y: 0, z: 0}
  m_LocalScale: {x: 1, y: 1, z: 1}
  m_Children: []
  m_Father: {fileID: 4210023507755610}
  m_RootOrder: 0
  m_LocalEulerAnglesHint: {x: 0, y: 0, z: 0}
--- !u!23 &23779181895041290
MeshRenderer:
  m_ObjectHideFlags: 1
  m_PrefabParentObject: {fileID: 0}
  m_PrefabInternal: {fileID: 100100000}
  m_GameObject: {fileID: 1457852426745908}
  m_Enabled: 1
  m_CastShadows: 0
  m_ReceiveShadows: 0
  m_DynamicOccludee: 1
  m_MotionVectors: 1
  m_LightProbeUsage: 0
  m_ReflectionProbeUsage: 0
  m_Materials:
  - {fileID: 2100000, guid: aeef3bee22c915048af0bd18d4af0158, type: 2}
  m_StaticBatchInfo:
    firstSubMesh: 0
    subMeshCount: 0
  m_StaticBatchRoot: {fileID: 0}
  m_ProbeAnchor: {fileID: 0}
  m_LightProbeVolumeOverride: {fileID: 0}
  m_ScaleInLightmap: 1
  m_PreserveUVs: 0
  m_IgnoreNormalsForChartDetection: 0
  m_ImportantGI: 0
  m_StitchLightmapSeams: 0
  m_SelectedEditorRenderState: 3
  m_MinimumChartSize: 4
  m_AutoUVMaxDistance: 0.5
  m_AutoUVMaxAngle: 89
  m_LightmapParameters: {fileID: 0}
  m_SortingLayerID: 0
  m_SortingLayer: 0
  m_SortingOrder: 1
--- !u!23 &23953817792876396
MeshRenderer:
  m_ObjectHideFlags: 1
  m_PrefabParentObject: {fileID: 0}
  m_PrefabInternal: {fileID: 100100000}
  m_GameObject: {fileID: 1707239548065166}
  m_Enabled: 1
  m_CastShadows: 0
  m_ReceiveShadows: 0
  m_DynamicOccludee: 1
  m_MotionVectors: 1
  m_LightProbeUsage: 0
  m_ReflectionProbeUsage: 0
  m_Materials:
  - {fileID: 2100000, guid: aeef3bee22c915048af0bd18d4af0158, type: 2}
  m_StaticBatchInfo:
    firstSubMesh: 0
    subMeshCount: 0
  m_StaticBatchRoot: {fileID: 0}
  m_ProbeAnchor: {fileID: 0}
  m_LightProbeVolumeOverride: {fileID: 0}
  m_ScaleInLightmap: 1
  m_PreserveUVs: 0
  m_IgnoreNormalsForChartDetection: 0
  m_ImportantGI: 0
  m_StitchLightmapSeams: 0
  m_SelectedEditorRenderState: 3
  m_MinimumChartSize: 4
  m_AutoUVMaxDistance: 0.5
  m_AutoUVMaxAngle: 89
  m_LightmapParameters: {fileID: 0}
  m_SortingLayerID: 0
  m_SortingLayer: 0
  m_SortingOrder: 0
--- !u!33 &33181869208249414
MeshFilter:
  m_ObjectHideFlags: 1
  m_PrefabParentObject: {fileID: 0}
  m_PrefabInternal: {fileID: 100100000}
  m_GameObject: {fileID: 1457852426745908}
  m_Mesh: {fileID: 4300000, guid: 5214c48f61e7bd942ace5b08d097701b, type: 3}
--- !u!33 &33616675508010066
MeshFilter:
  m_ObjectHideFlags: 1
  m_PrefabParentObject: {fileID: 0}
  m_PrefabInternal: {fileID: 100100000}
  m_GameObject: {fileID: 1707239548065166}
  m_Mesh: {fileID: 4300000, guid: 9877fcac26ff0704ebce0f5c833561e7, type: 3}
--- !u!60 &60958198492671982
PolygonCollider2D:
  m_ObjectHideFlags: 1
  m_PrefabParentObject: {fileID: 0}
  m_PrefabInternal: {fileID: 100100000}
  m_GameObject: {fileID: 1105255426179506}
  m_Enabled: 1
  m_Density: 1
  m_Material: {fileID: 0}
  m_IsTrigger: 0
  m_UsedByEffector: 0
  m_UsedByComposite: 0
  m_Offset: {x: 0, y: 0}
  m_SpriteTilingProperty:
    border: {x: 0, y: 0, z: 0, w: 0}
    pivot: {x: 0, y: 0}
    oldSize: {x: 0, y: 0}
    newSize: {x: 0, y: 0}
    adaptiveTilingThreshold: 0
    drawMode: 0
    adaptiveTiling: 0
  m_AutoTiling: 0
  m_Points:
    m_Paths:
    - - {x: 100, y: -67}
      - {x: 100, y: -2}
      - {x: 11, y: -2}
      - {x: 11, y: -3}
      - {x: 99, y: -3}
      - {x: 99, y: -7}
      - {x: 98, y: -7}
      - {x: 98, y: -8}
      - {x: 99, y: -8}
      - {x: 99, y: -24}
      - {x: 94, y: -24}
      - {x: 94, y: -25}
      - {x: 99, y: -25}
      - {x: 99, y: -66}
      - {x: 78, y: -66}
      - {x: 78, y: -65}
      - {x: 77, y: -65}
      - {x: 77, y: -64}
      - {x: 76, y: -64}
      - {x: 76, y: -63}
      - {x: 75, y: -63}
      - {x: 75, y: -62}
      - {x: 74, y: -62}
      - {x: 74, y: -61}
      - {x: 73, y: -61}
      - {x: 73, y: -60}
      - {x: 72, y: -60}
      - {x: 72, y: -59}
      - {x: 71, y: -59}
      - {x: 71, y: -58}
      - {x: 70, y: -58}
      - {x: 70, y: -57}
      - {x: 69, y: -57}
      - {x: 69, y: -66}
      - {x: 66, y: -66}
      - {x: 66, y: -65}
      - {x: 64, y: -65}
      - {x: 64, y: -64}
      - {x: 62, y: -64}
      - {x: 62, y: -63}
      - {x: 60, y: -63}
      - {x: 60, y: -62}
      - {x: 58, y: -62}
      - {x: 58, y: -61}
      - {x: 56, y: -61}
      - {x: 56, y: -60}
      - {x: 54, y: -60}
      - {x: 54, y: -59}
      - {x: 52, y: -59}
      - {x: 52, y: -58}
      - {x: 50, y: -58}
      - {x: 50, y: -57}
      - {x: 48, y: -57}
      - {x: 48, y: -66}
      - {x: 45, y: -66}
      - {x: 45, y: -65}
      - {x: 42, y: -65}
      - {x: 42, y: -64}
      - {x: 39, y: -64}
      - {x: 39, y: -63}
      - {x: 36, y: -63}
      - {x: 36, y: -62}
      - {x: 33, y: -62}
      - {x: 33, y: -61}
      - {x: 30, y: -61}
      - {x: 30, y: -60}
      - {x: 27, y: -60}
      - {x: 27, y: -59}
      - {x: 24, y: -59}
      - {x: 24, y: -58}
      - {x: 21, y: -58}
      - {x: 21, y: -57}
      - {x: 18, y: -57}
      - {x: 18, y: -66}
      - {x: 15, y: -66}
      - {x: 15, y: -64}
      - {x: 14, y: -64}
      - {x: 14, y: -62}
      - {x: 13, y: -62}
      - {x: 13, y: -60}
      - {x: 12, y: -60}
      - {x: 12, y: -58}
      - {x: 11, y: -58}
      - {x: 11, y: -56}
      - {x: 8, y: -56}
      - {x: 8, y: -50}
      - {x: 86, y: -50}
      - {x: 86, y: -49}
      - {x: 8, y: -49}
      - {x: 8, y: -25}
      - {x: 88, y: -25}
      - {x: 88, y: -24}
      - {x: 8, y: -24}
      - {x: 8, y: -23}
      - {x: 11, y: -23}
      - {x: 11, y: -22}
      - {x: 8, y: -22}
      - {x: 8, y: -2}
      - {x: 7, y: -2}
      - {x: 7, y: -67}
    - - {x: 92, y: -9}
      - {x: 95, y: -9}
      - {x: 95, y: -8}
      - {x: 92, y: -8}
    - - {x: 86, y: -10}
      - {x: 89, y: -10}
      - {x: 89, y: -9}
      - {x: 86, y: -9}
    - - {x: 80, y: -11}
      - {x: 83, y: -11}
      - {x: 83, y: -10}
      - {x: 80, y: -10}
    - - {x: 74, y: -12}
      - {x: 77, y: -12}
      - {x: 77, y: -11}
      - {x: 74, y: -11}
    - - {x: 68, y: -13}
      - {x: 71, y: -13}
      - {x: 71, y: -12}
      - {x: 68, y: -12}
    - - {x: 62, y: -14}
      - {x: 65, y: -14}
      - {x: 65, y: -13}
      - {x: 62, y: -13}
    - - {x: 56, y: -15}
      - {x: 59, y: -15}
      - {x: 59, y: -14}
      - {x: 56, y: -14}
    - - {x: 50, y: -16}
      - {x: 53, y: -16}
      - {x: 53, y: -15}
      - {x: 50, y: -15}
    - - {x: 44, y: -17}
      - {x: 47, y: -17}
      - {x: 47, y: -16}
      - {x: 44, y: -16}
    - - {x: 38, y: -18}
      - {x: 41, y: -18}
      - {x: 41, y: -17}
      - {x: 38, y: -17}
    - - {x: 32, y: -19}
      - {x: 35, y: -19}
      - {x: 35, y: -18}
      - {x: 32, y: -18}
    - - {x: 26, y: -20}
      - {x: 29, y: -20}
      - {x: 29, y: -19}
      - {x: 26, y: -19}
    - - {x: 20, y: -21}
      - {x: 23, y: -21}
      - {x: 23, y: -20}
      - {x: 20, y: -20}
    - - {x: 14, y: -22}
      - {x: 17, y: -22}
      - {x: 17, y: -21}
      - {x: 14, y: -21}
    - - {x: 88, y: -26}
      - {x: 90, y: -26}
      - {x: 90, y: -25}
      - {x: 88, y: -25}
    - - {x: 92, y: -28}
      - {x: 94, y: -28}
      - {x: 94, y: -27}
      - {x: 92, y: -27}
    - - {x: 88, y: -32}
      - {x: 90, y: -32}
      - {x: 90, y: -31}
      - {x: 88, y: -31}
    - - {x: 92, y: -37}
      - {x: 94, y: -37}
      - {x: 94, y: -36}
      - {x: 92, y: -36}
    - - {x: 88, y: -43}
      - {x: 90, y: -43}
      - {x: 90, y: -42}
      - {x: 88, y: -42}
    - - {x: 92, y: -50}
      - {x: 94, y: -50}
      - {x: 94, y: -49}
      - {x: 92, y: -49}
    - - {x: 88, y: -58}
      - {x: 90, y: -58}
      - {x: 90, y: -57}
      - {x: 88, y: -57}
--- !u!114 &114146298620193688
MonoBehaviour:
  m_ObjectHideFlags: 1
  m_PrefabParentObject: {fileID: 0}
  m_PrefabInternal: {fileID: 100100000}
  m_GameObject: {fileID: 1457852426745908}
  m_Enabled: 1
  m_EditorHideFlags: 0
  m_Script: {fileID: 11500000, guid: 1874989c5e2da094ea00112c6a895694, type: 3}
  m_Name: 
  m_EditorClassIdentifier: 
--- !u!114 &114290105792905750
MonoBehaviour:
  m_ObjectHideFlags: 1
  m_PrefabParentObject: {fileID: 0}
  m_PrefabInternal: {fileID: 100100000}
  m_GameObject: {fileID: 1525080442211570}
  m_Enabled: 1
  m_EditorHideFlags: 0
  m_Script: {fileID: 11500000, guid: 36f478cbe2fdbeb43a1a2ec45e99ca69, type: 3}
  m_Name: 
  m_EditorClassIdentifier: 
  Offset: {x: 0, y: 0}
--- !u!114 &114297758676204572
MonoBehaviour:
  m_ObjectHideFlags: 1
  m_PrefabParentObject: {fileID: 0}
  m_PrefabInternal: {fileID: 100100000}
  m_GameObject: {fileID: 1707239548065166}
  m_Enabled: 1
  m_EditorHideFlags: 0
  m_Script: {fileID: 11500000, guid: 1874989c5e2da094ea00112c6a895694, type: 3}
  m_Name: 
  m_EditorClassIdentifier: 
--- !u!114 &114424362334626624
MonoBehaviour:
  m_ObjectHideFlags: 1
  m_PrefabParentObject: {fileID: 0}
  m_PrefabInternal: {fileID: 100100000}
  m_GameObject: {fileID: 1415462099744248}
  m_Enabled: 1
  m_EditorHideFlags: 0
  m_Script: {fileID: 11500000, guid: c0619e460a775cc458d37cb4a214a189, type: 3}
  m_Name: 
  m_EditorClassIdentifier: 
  Orientation: 0
  StaggerAxis: 1
  StaggerIndex: 0
  HexSideLength: 0
  NumLayers: 2
  NumTilesWide: 100
  NumTilesHigh: 100
  TileWidth: 16
  TileHeight: 16
  ExportScale: 0.0625
  MapWidthInPixels: 1600
  MapHeightInPixels: 1600
  BackgroundColor: {r: 0.5019608, g: 0.5019608, b: 0.5019608, a: 1}
--- !u!114 &114559859816843106
MonoBehaviour:
  m_ObjectHideFlags: 1
  m_PrefabParentObject: {fileID: 0}
  m_PrefabInternal: {fileID: 100100000}
  m_GameObject: {fileID: 1329505735511502}
  m_Enabled: 1
  m_EditorHideFlags: 0
  m_Script: {fileID: 11500000, guid: 36f478cbe2fdbeb43a1a2ec45e99ca69, type: 3}
  m_Name: 
  m_EditorClassIdentifier: 
  Offset: {x: 0, y: 0}
